<record xmlns="http://www.loc.gov/MARC21/slim" xmlns:xsi="http://www.w3.org/2001/XMLSchema-instance" xsi:schemaLocation="http://www.loc.gov/MARC21/slim http://www.loc.gov/standards/marcxml/schema/MARC21slim.xsd"><leader>00588cz   2200145n  4500</leader><controlfield tag="001">oca04562779 </controlfield><controlfield tag="005">20040421180130.0</controlfield><controlfield tag="008">971217n| acannaab           |a aaa     c</controlfield><datafield ind1=" " ind2=" " tag="010"><subfield code="a">nr 97044893 </subfield></datafield><datafield ind1=" " ind2=" " tag="040"><subfield code="a">NIC</subfield><subfield code="c">NIC</subfield><subfield code="d">DLC</subfield></datafield><datafield ind1="0" ind2=" " tag="100"><subfield code="a">Posidippus,</subfield><subfield code="c">of Pella,</subfield><subfield code="d">b. ca. 310 B.C.</subfield></datafield><datafield ind1="0" ind2=" " tag="400"><subfield code="a">Poseidippos,</subfield><subfield code="d">b. ca. 310 B.C.</subfield></datafield><datafield ind1="0" ind2=" " tag="400"><subfield code="a">Posidippo,</subfield><subfield code="d">b. ca. 310 B.C.</subfield></datafield><datafield ind1=" " ind2=" " tag="670"><subfield code="a">His Epigrammi, 1993:</subfield><subfield code="b">t.p. (Posidippo) spine (Poseidippos) p. xiii (b. ca. 310 B.C. in Pella in Macedonia)</subfield></datafield><datafield ind1=" " ind2=" " tag="670"><subfield code="a">Oxford class. dict.</subfield><subfield code="b">(Posidippus, of Pella; fl. 264 B.C.; poet; surviving works are 120 epigrams and an elegy)</subfield></datafield></record>